@book{book:healpix,
  author    = "Górski, K. M.; Hivon, E.; Banday, A. J.; Wandelt, B. D.; Hansen, F. K.; Reinecke, M.; Bartelmann, M.",
  title     = "HEALPix: A Framework for High-Resolution Discretization and Fast Analysis of Data Distributed on the Sphere",
  publisher = "The Astrophysical Journal, Volume 622, Issue 2, pp. 759-771. (ApJ Homepage)",
  year      = 2005,
}
	
@book{book:tgasar,
  author    = "Daniel Michalik, Lennart Lindegren, David Hobbs",
  title     = "The Tycho-Gaia astrometric solution. How to get 2.5 million parallaxes with less than one year of Gaia data",
  publisher = "A \& A 574, A115 (2015),DOI: 10.1051/0004-6361/201425310, arXiv: 1412.8770 [astro-ph.IM]",
  year      = 2014,
}
	

@book{book:sf,
  title      = {Анализ астрометрических каталогов с помощью сферических функций},
  author     = {Витязев Вениамин Владимирович},
  url        = {},
  year       = {2017},
  publisher  = {С.-Петерб. гоч. ун-т. - Санкт-Петербург : Изд-во С.-Петерб. ун-та},
  ISBN     = {978-5-288-05740-3, ББК: 22.61},
  eprinttype = {},
  language  = ""
}


@book{book:hipparcos,
  title      = {Руководство по практической работе с каталогом Hipparcos: Учебно-метод. пособие.},
  author     = {А.С.Цветков},
  publisher  = {СПб., 2005, ББК 22.6,Ц27},
  language  = "russian"
}
@book{book:arfken,
  title      = {Математические методы в физике},
  author     = {Арфкен Г.},
  lccn       = {},
  year       = {1970},
  publisher  = {М.: Атомиздат},
}

@online{wiki:gaia,
  title        = "GAIA",
  url          = {http://www.rssd.esa.int/Gaia},
}

@online{wiki:tgas,
  title        = "TGAS",
  url          = {https://www.cosmos.esa.int/web/gaia/iow_20150115},
}

@online{wiki:healpix,
  title        = "HEALPix",
  howpublished = "opensource",
  url          = {http://healpix.sourceforge.net/},
  language     = "russian"
}
